%YAML 1.1
%TAG !u! tag:unity3d.com,2011:
--- !u!1 &4015575192271991710
GameObject:
  m_ObjectHideFlags: 0
  m_CorrespondingSourceObject: {fileID: 0}
  m_PrefabInstance: {fileID: 0}
  m_PrefabAsset: {fileID: 0}
  serializedVersion: 6
  m_Component:
  - component: {fileID: 135505480656667021}
  m_Layer: 0
  m_Name: Door 1
  m_TagString: Untagged
  m_Icon: {fileID: 0}
  m_NavMeshLayer: 0
  m_StaticEditorFlags: 0
  m_IsActive: 1
--- !u!4 &135505480656667021
Transform:
  m_ObjectHideFlags: 0
  m_CorrespondingSourceObject: {fileID: 0}
  m_PrefabInstance: {fileID: 0}
  m_PrefabAsset: {fileID: 0}
  m_GameObject: {fileID: 4015575192271991710}
  m_LocalRotation: {x: -0, y: -0, z: -0, w: 1}
  m_LocalPosition: {x: -0.48499998, y: 1.051, z: 0.011999965}
  m_LocalScale: {x: 0.47582, y: 0.47582, z: 0.47582}
  m_Children:
  - {fileID: 7606498728172229301}
  - {fileID: 135505480051784846}
  m_Father: {fileID: 0}
  m_RootOrder: 0
  m_LocalEulerAnglesHint: {x: 0, y: 0, z: 0}
--- !u!135 &4943788329099385144
SphereCollider:
  m_ObjectHideFlags: 0
  m_CorrespondingSourceObject: {fileID: 0}
  m_PrefabInstance: {fileID: 0}
  m_PrefabAsset: {fileID: 0}
  m_GameObject: {fileID: 4015575192872685213}
  m_Material: {fileID: 0}
  m_IsTrigger: 0
  m_Enabled: 1
  serializedVersion: 2
  m_Radius: 0.08848254
  m_Center: {x: 0.85818356, y: -0.22802246, z: 0.20973596}
--- !u!320 &4943788329099385142
PlayableDirector:
  m_ObjectHideFlags: 0
  m_CorrespondingSourceObject: {fileID: 0}
  m_PrefabInstance: {fileID: 0}
  m_PrefabAsset: {fileID: 0}
  m_GameObject: {fileID: 4015575192872685213}
  m_Enabled: 1
  serializedVersion: 3
  m_PlayableAsset: {fileID: 0}
  m_InitialState: 1
  m_WrapMode: 2
  m_DirectorUpdateMode: 1
  m_InitialTime: 0
  m_SceneBindings: []
  m_ExposedReferences:
    m_References: []
--- !u!114 &4943788329099385143
MonoBehaviour:
  m_ObjectHideFlags: 0
  m_CorrespondingSourceObject: {fileID: 0}
  m_PrefabInstance: {fileID: 0}
  m_PrefabAsset: {fileID: 0}
  m_GameObject: {fileID: 4015575192872685213}
  m_Enabled: 1
  m_EditorHideFlags: 0
  m_Script: {fileID: 11500000, guid: 4e51c15e2403ccb44b41f97c85239dc1, type: 3}
  m_Name: 
  m_EditorClassIdentifier: 
  hasKey: 0
  doorHinge: {fileID: 0}
  key: {fileID: 0}
  bedroom: {fileID: 0}
  phone: {fileID: 0}
  office: {fileID: 0}
  ring: {fileID: 0}
  raycast: {fileID: 0}
--- !u!1 &7473295816032441859
GameObject:
  m_ObjectHideFlags: 0
  m_CorrespondingSourceObject: {fileID: 0}
  m_PrefabInstance: {fileID: 0}
  m_PrefabAsset: {fileID: 0}
  serializedVersion: 6
  m_Component:
  - component: {fileID: 7606498728172229301}
  - component: {fileID: 7192097702085019238}
  - component: {fileID: 1940440146951482006}
  m_Layer: 0
  m_Name: default
  m_TagString: Untagged
  m_Icon: {fileID: 0}
  m_NavMeshLayer: 0
  m_StaticEditorFlags: 0
  m_IsActive: 1
--- !u!4 &7606498728172229301
Transform:
  m_ObjectHideFlags: 0
  m_CorrespondingSourceObject: {fileID: 0}
  m_PrefabInstance: {fileID: 0}
  m_PrefabAsset: {fileID: 0}
  m_GameObject: {fileID: 7473295816032441859}
  m_LocalRotation: {x: 0, y: -0, z: -0, w: 1}
  m_LocalPosition: {x: -0, y: 0, z: 0}
  m_LocalScale: {x: 1, y: 1, z: 1}
  m_Children: []
  m_Father: {fileID: 135505480656667021}
  m_RootOrder: 0
  m_LocalEulerAnglesHint: {x: 0, y: 0, z: 0}
--- !u!33 &7192097702085019238
MeshFilter:
  m_ObjectHideFlags: 0
  m_CorrespondingSourceObject: {fileID: 0}
  m_PrefabInstance: {fileID: 0}
  m_PrefabAsset: {fileID: 0}
  m_GameObject: {fileID: 7473295816032441859}
  m_Mesh: {fileID: -2432090755550338912, guid: ab9ca2d9660d0d84a8ba4534b61c0f69, type: 3}
--- !u!23 &1940440146951482006
MeshRenderer:
  m_ObjectHideFlags: 0
  m_CorrespondingSourceObject: {fileID: 0}
  m_PrefabInstance: {fileID: 0}
  m_PrefabAsset: {fileID: 0}
  m_GameObject: {fileID: 7473295816032441859}
  m_Enabled: 1
  m_CastShadows: 1
  m_ReceiveShadows: 1
  m_DynamicOccludee: 1
  m_MotionVectors: 1
  m_LightProbeUsage: 1
  m_ReflectionProbeUsage: 1
  m_RayTracingMode: 2
  m_RenderingLayerMask: 1
  m_RendererPriority: 0
  m_Materials:
  - {fileID: 2100000, guid: dbf3e06dd31902b41bbe5cc4e58a2937, type: 2}
  m_StaticBatchInfo:
    firstSubMesh: 0
    subMeshCount: 0
  m_StaticBatchRoot: {fileID: 0}
  m_ProbeAnchor: {fileID: 0}
  m_LightProbeVolumeOverride: {fileID: 0}
  m_ScaleInLightmap: 1
  m_ReceiveGI: 1
  m_PreserveUVs: 0
  m_IgnoreNormalsForChartDetection: 0
  m_ImportantGI: 0
  m_StitchLightmapSeams: 1
  m_SelectedEditorRenderState: 3
  m_MinimumChartSize: 4
  m_AutoUVMaxDistance: 0.5
  m_AutoUVMaxAngle: 89
  m_LightmapParameters: {fileID: 0}
  m_SortingLayerID: 0
  m_SortingLayer: 0
  m_SortingOrder: 0
--- !u!1001 &4943788328584697748
PrefabInstance:
  m_ObjectHideFlags: 0
  serializedVersion: 2
  m_Modification:
    m_TransformParent: {fileID: 135505480656667021}
    m_Modifications:
    - target: {fileID: -4216859302048453862, guid: 652a76cfcc2666a45805e2d1a1e6351f,
        type: 3}
      propertyPath: m_LocalPosition.x
      value: 0.2003404
      objectReference: {fileID: 0}
    - target: {fileID: -4216859302048453862, guid: 652a76cfcc2666a45805e2d1a1e6351f,
        type: 3}
      propertyPath: m_LocalPosition.y
      value: 0.13633408
      objectReference: {fileID: 0}
    - target: {fileID: -4216859302048453862, guid: 652a76cfcc2666a45805e2d1a1e6351f,
        type: 3}
      propertyPath: m_LocalPosition.z
      value: 0.042873207
      objectReference: {fileID: 0}
    - target: {fileID: -4216859302048453862, guid: 652a76cfcc2666a45805e2d1a1e6351f,
        type: 3}
      propertyPath: m_LocalRotation.x
      value: -0.01727665
      objectReference: {fileID: 0}
    - target: {fileID: -4216859302048453862, guid: 652a76cfcc2666a45805e2d1a1e6351f,
        type: 3}
      propertyPath: m_LocalRotation.y
      value: 0.99985075
      objectReference: {fileID: 0}
    - target: {fileID: -4216859302048453862, guid: 652a76cfcc2666a45805e2d1a1e6351f,
        type: 3}
      propertyPath: m_LocalRotation.z
      value: -0
      objectReference: {fileID: 0}
    - target: {fileID: -4216859302048453862, guid: 652a76cfcc2666a45805e2d1a1e6351f,
        type: 3}
      propertyPath: m_LocalRotation.w
      value: 0
      objectReference: {fileID: 0}
    - target: {fileID: -4216859302048453862, guid: 652a76cfcc2666a45805e2d1a1e6351f,
        type: 3}
      propertyPath: m_RootOrder
      value: 1
      objectReference: {fileID: 0}
    - target: {fileID: -4216859302048453862, guid: 652a76cfcc2666a45805e2d1a1e6351f,
        type: 3}
      propertyPath: m_LocalEulerAnglesHint.x
      value: 0
      objectReference: {fileID: 0}
    - target: {fileID: -4216859302048453862, guid: 652a76cfcc2666a45805e2d1a1e6351f,
        type: 3}
      propertyPath: m_LocalEulerAnglesHint.y
      value: 180.00002
      objectReference: {fileID: 0}
    - target: {fileID: -4216859302048453862, guid: 652a76cfcc2666a45805e2d1a1e6351f,
        type: 3}
      propertyPath: m_LocalEulerAnglesHint.z
      value: -1.9800001
      objectReference: {fileID: 0}
    - target: {fileID: -4216859302048453862, guid: 652a76cfcc2666a45805e2d1a1e6351f,
        type: 3}
      propertyPath: m_LocalScale.x
      value: 1.2271447
      objectReference: {fileID: 0}
    - target: {fileID: -4216859302048453862, guid: 652a76cfcc2666a45805e2d1a1e6351f,
        type: 3}
      propertyPath: m_LocalScale.y
      value: 1.2271447
      objectReference: {fileID: 0}
    - target: {fileID: -4216859302048453862, guid: 652a76cfcc2666a45805e2d1a1e6351f,
        type: 3}
      propertyPath: m_LocalScale.z
      value: 1.2271447
      objectReference: {fileID: 0}
    - target: {fileID: -927199367670048503, guid: 652a76cfcc2666a45805e2d1a1e6351f,
        type: 3}
      propertyPath: m_Name
      value: DoorKnob
      objectReference: {fileID: 0}
    - target: {fileID: -927199367670048503, guid: 652a76cfcc2666a45805e2d1a1e6351f,
        type: 3}
      propertyPath: m_TagString
      value: Item
      objectReference: {fileID: 0}
    m_RemovedComponents: []
  m_SourcePrefab: {fileID: 100100000, guid: 652a76cfcc2666a45805e2d1a1e6351f, type: 3}
--- !u!1 &4015575192872685213 stripped
GameObject:
  m_CorrespondingSourceObject: {fileID: -927199367670048503, guid: 652a76cfcc2666a45805e2d1a1e6351f,
    type: 3}
  m_PrefabInstance: {fileID: 4943788328584697748}
  m_PrefabAsset: {fileID: 0}
--- !u!4 &135505480051784846 stripped
Transform:
  m_CorrespondingSourceObject: {fileID: -4216859302048453862, guid: 652a76cfcc2666a45805e2d1a1e6351f,
    type: 3}
  m_PrefabInstance: {fileID: 4943788328584697748}
  m_PrefabAsset: {fileID: 0}
